
@article{exner_2015,
        series = {},
        title = {Partition of unity methods for approximation of point water sources in porous media},
        volume = {273C},
        issn = {},
        url = {},
        doi = {10.1016/j.amc.2015.09.048},
        number = {},
        urldate = {},
        journal = {Applied Mathematics and Computation},
        author = {Exner, Pavel and B{\v r}ezina, Jan},
        month = oct,
        year = {2015},
        keywords = {},
        pages = {21-32},
 } 
 
@article{gracie_modelling_2010,
        series = {The Twenty-First Annual Robert J. Melosh Competition},
        title = {Modelling well leakage in multilayer aquifer systems using the extended finite element method},
        volume = {46},
        issn = {0168-874X},
        url = {http://www.sciencedirect.com/science/article/pii/S0168874X10000077},
        doi = {10.1016/j.finel.2010.01.006},
        number = {6},
        urldate = {2014-09-30},
        journal = {Finite Elements in Analysis and Design},
        author = {Gracie, Robert and Craig, James R.},
        month = jun,
        year = {2010},
        keywords = {Extended finite element method, Generalised finite element method, {GFEM}, Leakage, Multi-aquifer systems, {XFEM}},
        pages = {504--513},
 }    

@article{craig_using_2011,
        title = {Using the extended finite element method for simulation of transient well leakage in multilayer aquifers},
        volume = {34},
        issn = {0309-1708},
        url = {http://www.sciencedirect.com/science/article/pii/S0309170811000601},
        doi = {10.1016/j.advwatres.2011.04.004},
        number = {9},
        urldate = {2013-10-31},
        journal = {Advances in Water Resources},
        author = {Craig, James R. and Gracie, Robert},
        month = sep,
        year = {2011},
        keywords = {Abandoned wells, Extended finite element method, Groundwater flow, Multiaquifer flow},
        pages = {1207--1214},
}


@article{fries_corrected_2008,
        title = {A corrected {XFEM} approximation without problems in blending elements},
        volume = {75},
        copyright = {Copyright © 2007 John Wiley \& Sons, Ltd.},
        issn = {1097-0207},
        url = {http://onlinelibrary.wiley.com/doi/10.1002/nme.2259/abstract},
        doi = {10.1002/nme.2259},
        language = {en},
        number = {5},
        urldate = {2014-09-30},
        journal = {International Journal for Numerical Methods in Engineering},
        author = {Fries, Thomas-Peter},
        month = jul,
        year = {2008},
        keywords = {corrected {XFEM}, modified enrichment, optimal convergence, {XFEM}},
        pages = {503--532},
}    

@article{babuska_stable_2012,
        title = {Stable Generalized Finite Element Method ({SGFEM})},
        volume = {201–204},
        issn = {0045-7825},
        url = {http://www.sciencedirect.com/science/article/pii/S0045782511003082},
        doi = {10.1016/j.cma.2011.09.012},
        urldate = {2014-09-30},
        journal = {Computer Methods in Applied Mechanics and Engineering},
        author = {Babu{\v s}ka, I. and Banerjee, U.},
        month = jan,
        year = {2012},
        keywords = {Approximation, Condition number, Extended Finite Element Method ({XFEM}), Generalized Finite Element Method ({GFEM}), Partition of Unity ({PU}), Validation and verification},
        pages = {91--111},
}


    

@article{gupta_stable_2013,
        title = {A stable and optimally convergent generalized {FEM} ({SGFEM}) for linear elastic fracture mechanics},
        volume = {266},
        issn = {0045-7825},
        url = {http://www.sciencedirect.com/science/article/pii/S0045782513001801},
        doi = {10.1016/j.cma.2013.07.010},
        urldate = {2014-09-30},
        journal = {Computer Methods in Applied Mechanics and Engineering},
        author = {Gupta, V. and Duarte, C. A. and Babu{\v s}ka, I. and Banerjee, U.},
        month = nov,
        year = {2013},
        keywords = {Blending elements, Condition number, Enrichment, Extended {FEM}, Fracture, Generalized {FEM}},
        pages = {23--39},
}   


@BOOK{rek1,
  title = {Varia\v cn\' i metody v in\v zen\' yrsk\' ych probl\' emech a v probl\' emech matematick\' e fyziky},
  publisher = {Academia Praha},
  year = {1999},
  author = {Karel Rektorys},
  isbn = {80-200-0714-8},

}


@article{bangerth_deal.ii_2007,
        title = {Deal.{II}\&Mdash;A General-purpose Object-oriented Finite Element Library},
        volume = {33},
        issn = {0098-3500},
        url = {http://doi.acm.org/10.1145/1268776.1268779},
        doi = {10.1145/1268776.1268779},
        number = {4},
        urldate = {2014-09-30},
        journal = {{ACM} Trans. Math. Softw.},
        author = {Bangerth, W. and Hartmann, R. and Kanschat, G.},
        month = aug,
        year = {2007},
        keywords = {object-orientation, software design}
}

    
@mastersthesis{dip,
  title = {Partition of unity methods for approximation of point water sources in porous media.},
  school = {Technical University of Liberec, Faculty of Mechatronics, Informatics and Interdisciplinary Studies},
  year = {2013},
  author = {Pavel Exner},
  howpublished = "\url{http://bacula.nti.tul.cz/\~pavel.exner/files/dipl_Pavel_Exner.pdf}"
}


@article{babuska_partition_1997,
        title = {The Partition of Unity Method},
        volume = {40},
        copyright = {Copyright © 1997 John Wiley \& Sons, Ltd.},
        issn = {1097-0207},
        url = {http://onlinelibrary.wiley.com/doi/10.1002/(SICI)1097-0207(19970228)40:4<727::AID-NME86>3.0.CO;2-N/abstract},
        doi = {10.1002/(SICI)1097-0207(19970228)40:4<727::AID-NME86>3.0.CO;2-N},
        language = {en},
        number = {4},
        urldate = {2014-09-30},
        journal = {International Journal for Numerical Methods in Engineering},
        author = {Babu{\v s}ka, I. and Melenk, J. M.},
        month = feb,
        year = {1997},
        keywords = {finite element method, finite element methods for highly oscillatory solutions, meshless finite element method},
        pages = {727--758},
}


@article{fries_xfem_overview_2010,
    title = {The extended/generalized finite element method: An overview of the method and its applications},
    volume = {84},
    rights = {Copyright © 2010 John Wiley \& Sons, Ltd.},
    issn = {1097-0207},
    url = {http://onlinelibrary.wiley.com/doi/10.1002/nme.2914/abstract},
    doi = {10.1002/nme.2914},
    shorttitle = {The extended/generalized finite element method},
    pages = {253--304},
    number = {3},
    journaltitle = {International Journal for Numerical Methods in Engineering},
    shortjournal = {Int. J. Numer. Meth. Engng.},
    author = {Fries, Thomas-Peter and Belytschko, Ted},
    urldate = {2014-09-30},
    year = {2010},
    date = {2010-10-15},
    langid = {english},
    keywords = {extended finite element method, generalized finite element method, {GFEM}, partition of unity method, {PUM}, review, {XFEM}}
}

@MISC{parc,
    author =   { M. Rokyta and O. John and J.M\' alek and M. Pokorn\' y and J. Star\' a},
    title =    {Skripta -- \'{U}vod do modern\' i teorie parci\' aln\' ich diferenci\' aln\' ich rovnic},
    year =   2009,
    note =  {pages 15-22},
    howpublished = "\url{http://ww.karlin.mff.cuni.cz/~malek/new/images/Skripta.pdf}",
    }


@Article{bem,
    author = 	 {P. Hunter and A. Pullan},
    title = 	 {{FEM}/{BEM} Notes},
    publisher =	 {Department of Engineering Science, The University of Auckland, New Zealand},
    journal = 	 {Finite elements in Analysis and Design, Elsevier B.V.},
    year = 	 2001,
    pages = 	 {43-59},
    }


@Article{xfem_hang,
    author =   {T.P. Fries and A. Byfut and A. Alizada and K.W. Cheng and A. Schröder},
    title =    {Hanging nodes XFEM},
    journal =    {International Journal for Numerical Methods in Engineering},
    year =   2011,
    volume =   86,
    pages =    {404-430},
    }

@Article{gmsh,
    author = 	 { C. Geuzaine and J.-F. Remacle},
    title = 	 {{GMSH}: a~three-dimensional finite element mesh generator with built-in pre- and post-processing facilities},
    journal = 	 {International Journal for Numerical Methods in Engineering},
    year = 	 2009,
    volume = 	 79,
    number = 	 11,
    pages = 	 {1309-1331},
    note = "\url{http://geuz.org/gmsh/}"
    }
    
    
    

@article{ern_evaluation_2006,
        title = {Evaluation of the condition number in linear systems arising in finite element approximations},
        volume = {40},
        doi = {10.1051/m2an:2006006},
        pages = {29--48},
        number = {1},
        journaltitle = {{ESAIM}: Mathematical Modelling and Numerical Analysis},
        author = {Ern, Alexandre and Guermond, Jean-Luc},
        date = {2006},
        keywords = {equations, linear algebra., Finite elements, condition number, partial differential},
}



@book{arnold_lecture_2009,
        title = {Lecture notes on Numerical Analysis of Partial Differential Equations},
        url = {http://www.ima.umn.edu/~arnold//8445.f11/notes.pdf},
        urldate = {2014-09-19},
        author = {Arnold, Douglas N.},
        year = {2009},        
}


@incollection{ciarlet_basic_1991,
        series = {Finite Element Methods (Part 1)},
        title = {Basic error estimates for elliptic problems},
        volume = {Volume 2},
        isbn = {1570-8659},        
        urldate = {2014-09-24},
        booktitle = {Handbook of Numerical Analysis},
        publisher = {Elsevier},
        author = {Ciarlet, P. G.},
        year = {1991},
        pages = {17--351},
}



@book{kahaner_numerical_1989,
        title = {Numerical methods and software},
        abstract = {Mathematics of Computing -- Numerical Analysis.},
        language = {en},
        publisher = {Prentice Hall},
        author = {Kahaner, David and Moler, Cleve B. and Nash, Stephen and Forsythe, George Elmer},
        year = {1989},
}